@misc{
    database:online,
    title={Students’ Employability Dataset - Philippines},
    howpublished={\url{https://www.kaggle.com/datasets/anashamoutni/students-employability-dataset}},
    journal={Kaggle.com},
    author={Anas Hamoutni},
    year={2022}
}

@misc{
    other_notebooks:online,
    title={Students’ Employability Dataset - Philippines, Notebooks},
    howpublished={https://www.kaggle.com/datasets/anashamoutni/students-employability-dataset/code},
    journal={Kaggle.com},
    author={Anas Hamoutni},
    year={2022}
}

@misc{
    repo_github:online,
    title={SergioQuijanoRey/EstadisticaMultivariantePracticaFinal: Repositorio para la práctica final de la asignatura “Estadística Multivariante”,
    de la Universidad de Granada},
    howpublished={\url{https://github.com/SergioQuijanoRey/EstadisticaMultivariantePracticaFinal}},
    journal={GitHub},
    author={Sergio Quijano Rey},
    year={2023}
}

‌
